/home/gz1/docs/mypapers/thesis/thesis.bib